<record><leader>00000cas a2200000 a 4500</leader><controlfield tag="001">8793570</controlfield><controlfield tag="008">820921d19481980azuwr ne      0   a0eng  </controlfield><controlfield tag="009">466</controlfield><datafield ind1=" " ind2=" " tag="010"><subfield code="a">sn 82014900 </subfield></datafield><datafield ind1=" " ind2=" " tag="040"><subfield code="a">DLC</subfield><subfield code="b">eng</subfield><subfield code="c">DLC</subfield><subfield code="d">ANN</subfield><subfield code="d">CNK</subfield><subfield code="d">ANN</subfield><subfield code="d">OCLCO</subfield><subfield code="d">OCLCF</subfield></datafield><datafield ind1="1" ind2=" " tag="029"><subfield code="a">AU@</subfield><subfield code="b">000020398301</subfield></datafield><datafield ind1=" " ind2=" " tag="042"><subfield code="a">msc</subfield></datafield><datafield ind1=" " ind2=" " tag="043"><subfield code="a">n-us-az</subfield></datafield><datafield ind1="0" ind2="0" tag="050"><subfield code="a">Newspaper 7070</subfield></datafield><datafield ind1="0" ind2=" " tag="130"><subfield code="a">Verde independent (Cottonwood, Ariz. : 1948)</subfield></datafield><datafield ind1="1" ind2="4" tag="245"><subfield code="a">The Verde independent.</subfield></datafield><datafield ind1=" " ind2=" " tag="260"><subfield code="a">Cottonwood, Ariz. :</subfield><subfield code="b">[Verde Independent],</subfield><subfield code="c">1948-1980.</subfield></datafield><datafield ind1=" " ind2=" " tag="300"><subfield code="a">v. :</subfield><subfield code="b">ill.</subfield></datafield><datafield ind1=" " ind2=" " tag="310"><subfield code="a">Weekly</subfield></datafield><datafield ind1="0" ind2=" " tag="362"><subfield code="a">Vol. 1, no. 1 (Feb. 12, 1948)-v. 33, no. 7 (Mar. 26, 1980).</subfield></datafield><datafield ind1=" " ind2=" " tag="500"><subfield code="a">Special edition: Sedona in Wonderland, May 5, 1964.</subfield></datafield><datafield ind1=" " ind2="0" tag="651"><subfield code="a">Cottonwood (Ariz.)</subfield><subfield code="v">Newspapers.</subfield></datafield><datafield ind1=" " ind2="0" tag="651"><subfield code="a">Sedona (Ariz.)</subfield><subfield code="v">Newspapers.</subfield></datafield><datafield ind1=" " ind2="0" tag="651"><subfield code="a">Yavapai County (Ariz.)</subfield><subfield code="v">Newspapers.</subfield></datafield><datafield ind1=" " ind2="0" tag="651"><subfield code="a">Coconino County (Ariz.)</subfield><subfield code="v">Newspapers.</subfield></datafield><datafield ind1=" " ind2="7" tag="655"><subfield code="a">Newspapers.</subfield><subfield code="2">fast</subfield><subfield code="0">(OCoLC)fst01423814</subfield></datafield><datafield ind1=" " ind2="7" tag="651"><subfield code="a">Arizona</subfield><subfield code="z">Coconino County.</subfield><subfield code="2">fast</subfield><subfield code="0">(OCoLC)fst01217112</subfield></datafield><datafield ind1=" " ind2="7" tag="651"><subfield code="a">Arizona</subfield><subfield code="z">Cottonwood.</subfield><subfield code="2">fast</subfield><subfield code="0">(OCoLC)fst01216083</subfield></datafield><datafield ind1=" " ind2="7" tag="651"><subfield code="a">Arizona</subfield><subfield code="z">Sedona.</subfield><subfield code="2">fast</subfield><subfield code="0">(OCoLC)fst01219227</subfield></datafield><datafield ind1=" " ind2="7" tag="651"><subfield code="a">Arizona</subfield><subfield code="z">Yavapai County.</subfield><subfield code="2">fast</subfield><subfield code="0">(OCoLC)fst01217120</subfield></datafield><datafield ind1=" " ind2=" " tag="752"><subfield code="a">United States</subfield><subfield code="b">Arizona</subfield><subfield code="c">Yavapai</subfield><subfield code="d">Cottonwood.</subfield></datafield><datafield ind1="0" ind2="5" tag="780"><subfield code="t">Red Rock arrow</subfield><subfield code="w">(DLC)sn 94050503</subfield></datafield><datafield ind1="0" ind2="0" tag="785"><subfield code="t">Daily independent (Cottonwood, Ariz.)</subfield><subfield code="w">(DLC)sn 94050864</subfield><subfield code="w">(OCoLC)6365008</subfield></datafield></record>